@Comment А вот так оформляется библиография при помощи BibTeX.

@Book{NIPS07cfr,
  author =       {Martin Zinkevich, Michael Johanson, Michael Bowling, Carmelo Piccione},
  title =        {Regret minimization in games with incomplete information. In J.C. Platt, D. Koller, Y. Singer, and S. Roweis, editors, Advances in Neural Information Processing Systems 20},
  publisher =    {MIT Press, Cambridge},
  year =         {2008, pages 1729–1736},
  language =     "english"
}

@Book{MCCFR,
  author =       {Marc Lanctot, Kevin Waugh, Martin Zinkevich, Michael Bowling},
  title =        {Monte carlo sampling for regret minimization in extensive games. In Y. Bengio, D. Schuurmans, J. Lafferty, C. K. I. Williams, and A. Culotta, editors, Advances in Neural Information Processing Systems 22},
  publisher =    {MIT Press, Cambridge},
  year =         {2009, pages 1078–1086},
  language =     "english"
}

@Book{RegretMatching,
  author =       {Sergiu Hart and Andreu Mas-Colell},
  title =        {A simple adaptive procedure leading to correlated equilibrium},
  publisher =    {Econometrica, 68(5)},
  year =         {September 2000, pages 1127–1150},
  language =     "english"
}

@Book{aay2400,
  author =       {Noam Brown and Tuomas Sandholm},
  title =        {Supplementary Materials for Superhuman AI for multiplayer poker},
  publisher =    {Science First Release DOI: 10.1126/science.aay2400},
  year =         {11 July 2019},
  language =     "english"
}

@Book{KuhnPoker,
  author =       {Kuhn H. W.},
  title =        { "Simplified Two-Person Poker". In Kuhn, H. W.; Tucker, A. W. (eds.). Contributions to the Theory of Games. 1.},
  publisher =    {Princeton University Press},
  year =         {1950, pp. 97–103},
  language =     "english"
}

